<record><leader>00000cas a22000007a 4500</leader><controlfield tag="001">14135922</controlfield><controlfield tag="008">860823d189u1920iauwr ne      0    0eng d</controlfield><datafield ind1=" " ind2=" " tag="010"><subfield code="a">sn 86060097 </subfield></datafield><datafield ind1=" " ind2=" " tag="040"><subfield code="a">INP</subfield><subfield code="b">eng</subfield><subfield code="c">INP</subfield><subfield code="d">OCLCQ</subfield></datafield><datafield ind1=" " ind2=" " tag="042"><subfield code="a">msc</subfield></datafield><datafield ind1="0" ind2=" " tag="130"><subfield code="a">Times-Republican (Bedford, Iowa : 1899)</subfield></datafield><datafield ind1="1" ind2="4" tag="245"><subfield code="a">The times-Republican.</subfield></datafield><datafield ind1=" " ind2=" " tag="260"><subfield code="a">Bedford, Taylor County, Iowa :</subfield><subfield code="b">John J. Clark,</subfield><subfield code="c">-1920.</subfield></datafield><datafield ind1=" " ind2=" " tag="300"><subfield code="a">v. :</subfield><subfield code="b">ill. ;</subfield><subfield code="c">67 cm.</subfield></datafield><datafield ind1=" " ind2=" " tag="310"><subfield code="a">Weekly</subfield></datafield><datafield ind1="0" ind2=" " tag="362"><subfield code="a">-v. 43, no. 10 (Mar. 4, 1920).</subfield></datafield><datafield ind1=" " ind2=" " tag="500"><subfield code="a">Includes occasional special issues.</subfield></datafield><datafield ind1=" " ind2=" " tag="500"><subfield code="a">Publisher varies.</subfield></datafield><datafield ind1=" " ind2=" " tag="588"><subfield code="a">Description based on: Vol. 18, no. 3 (Aug. 31, 1899).</subfield></datafield><datafield ind1=" " ind2=" " tag="752"><subfield code="a">United States</subfield><subfield code="b">Iowa</subfield><subfield code="c">Taylor</subfield><subfield code="d">Bedford.</subfield></datafield><datafield ind1="0" ind2=" " tag="775"><subfield code="t">Daily Republican (Bedford, Iowa)</subfield><subfield code="w">(DLC)sn 86060094</subfield><subfield code="g">&lt;Aug. 31, 1899&gt;-Apr. 29, 1905</subfield></datafield><datafield ind1="0" ind2="0" tag="780"><subfield code="t">Times-Republican and Taylor County Republican consolidated</subfield><subfield code="w">(DLC)sn 86060204</subfield></datafield><datafield ind1="0" ind2="0" tag="785"><subfield code="t">Twice-a-week times-Republican</subfield><subfield code="w">(DLC)sn 86060149</subfield></datafield></record>